@inproceedings{mestre2006greedy,
  title={Greedy in approximation algorithms},
  author={Mestre, Juli{\'a}n},
  booktitle={European Symposium on Algorithms},
  pages={528--539},
  year={2006},
  organization={Springer}
}

@article{khan2016efficient,
  title={Efficient Approximation Algorithms for Weighted b-matching},
  author={Khan, Arif and Pothen, Alex and Mostofa Ali Patwary, Md and Satish, Nadathur Rajagopalan and Sundaram, Narayanan and Manne, Fredrik and Halappanavar, Mahantesh and Dubey, Pradeep},
  journal={SIAM Journal on Scientific Computing},
  volume={38},
  number={5},
  pages={S593--S619},
  year={2016},
  publisher={SIAM}
}

@article{reingold1981greedy,
  title={On a greedy heuristic for complete matching},
  author={Reingold, Edward M and Tarjan, Robert E},
  journal={SIAM Journal on Computing},
  volume={10},
  number={4},
  pages={676--681},
  year={1981},
  publisher={SIAM}
}

@inproceedings{van2020bipartite,
  title={Bipartite matching in nearly-linear time on moderately dense graphs},
  author={van den Brand, Jan and Lee, Yin-Tat and Nanongkai, Danupon and Peng, Richard and Saranurak, Thatchaphol and Sidford, Aaron and Song, Zhao and Wang, Di},
  booktitle={2020 IEEE 61st Annual Symposium on Foundations of Computer Science (FOCS)},
  pages={919--930},
  year={2020},
  organization={IEEE}
}

@article{muller1999implementing,
  title={Implementing weighted b-matching algorithms: Towards a flexible software design},
  author={M{\"u}ller-Hannemann, Matthias and Schwartz, Alexander},
  journal={Journal of Experimental Algorithmics (JEA)},
  volume={4},
  pages={7--es},
  year={1999},
  publisher={ACM New York, NY, USA}
}

@inproceedings{agarwal2014approximation,
  title={Approximation algorithms for bipartite matching with metric and geometric costs},
  author={Agarwal, Pankaj K and Sharathkumar, R},
  booktitle={Proceedings of the forty-sixth annual ACM symposium on Theory of computing},
  pages={555--564},
  year={2014}
}

@inproceedings{ahn2014near,
  title={Near linear time approximation schemes for uncapacitated and capacitated b--matching problems in nonbipartite graphs},
  author={Ahn, Kook Jin and Guha, Sudipto},
  booktitle={Proceedings of the Twenty-Fifth Annual ACM-SIAM Symposium on Discrete Algorithms},
  pages={239--258},
  year={2014},
  organization={SIAM}
}

@inproceedings{cohen2017negative,
  title={Negative-weight shortest paths and unit capacity minimum cost flow in {\~o} (m 10/7 log w) time*},
  author={Cohen, Michael B and M{\k{a}}dry, Aleksander and Sankowski, Piotr and Vladu, Adrian},
  booktitle={Proceedings of the Twenty-Eighth Annual ACM-SIAM Symposium on Discrete Algorithms},
  pages={752--771},
  year={2017},
  organization={SIAM}
}

@article{miller1995staged,
  title={A staged primal-dual algorithm for perfect b-matching with edge capacities},
  author={Miller, Donald L and Pekny, Joseph F},
  journal={ORSA Journal on Computing},
  volume={7},
  number={3},
  pages={298--320},
  year={1995},
  publisher={INFORMS}
}

@article{dinitz2021learned,
  title={Faster Matchings via Learned Duals},
  author={Dinitz, Michael and Im, Sungjin and Lavastida, Thomas and Moseley, Benjamin and Vassilvitskii, Sergei},
  journal={Advances in Neural Information Processing Systems},
  volume={34},
  pages={10393--10406},
  year={2021}
}

@inproceedings{huang2020online,
  title={Online Primal Dual Meets Online Matching with Stochastic Rewards: Configuration LP to the Rescue},
  author={Huang, Zhiyi and Zhang, Qiankun},
  booktitle={Proceedings of the 52nd Annual ACM SIGACT Symposium on Theory of Computing},
  pages={1153--1164},
  year={2020}
}

@article{albers2022tight,
  title={Tight Bounds for Online Matching in Bounded-Degree Graphs with Vertex Capacities},
  author={Albers, Susanne and Schubert, Sebastian},
  journal={arXiv preprint arXiv:2206.15336},
  year={2022}
}

@article{mehta2013online,
  title={Online Matching and Ad Allocation},
  author={Mehta, Aranyak and others},
  journal={Foundations and Trends{\textregistered} in Theoretical Computer Science},
  volume={8},
  number={4},
  pages={265--368},
  year={2013},
  publisher={Now Publishers, Inc.}
}

@inproceedings{kesselheim2013optimal,
  title={An optimal online algorithm for weighted bipartite matching and extensions to combinatorial auctions},
  author={Kesselheim, Thomas and Radke, Klaus and T{\"o}nnis, Andreas and V{\"o}cking, Berthold},
  booktitle={European symposium on algorithms},
  pages={589--600},
  year={2013},
  organization={Springer}
}

@article{fahrbach2020edge,
  title={Edge-weighted online bipartite matching},
  author={Fahrbach, Matthew and Zadimoghaddam, Morteza and Huang, Zhiyi and Tao, Runzhou},
  journal={ACM Journal of the ACM (JACM)},
  year={2020},
  publisher={ACM New York, NY}
}

@article{gupta2019stochasticMetric,
  title={Stochastic online metric matching},
  author={Gupta, Anupam and Guruganesh, Guru and Peng, Binghui and Wajc, David},
  journal={arXiv preprint arXiv:1904.09284},
  year={2019}
}

@inproceedings{huang2019tight,
  title={Tight competitive ratios of classic matching algorithms in the fully online model},
  author={Huang, Zhiyi and Peng, Binghui and Tang, Zhihao Gavin and Tao, Runzhou and Wu, Xiaowei and Zhang, Yuhao},
  booktitle={Proceedings of the Thirtieth Annual ACM-SIAM Symposium on Discrete Algorithms},
  pages={2875--2886},
  year={2019},
  organization={SIAM}
}

@article{borodin2020bipartite,
  title={Bipartite stochastic matching: Online, random order, and iid models},
  author={Borodin, Allan and MacRury, Calum and Rakheja, Akash},
  journal={arXiv preprint arXiv:2004.14304},
  year={2020}
}

@misc{gupta2020random,
  title={Random-Order Models.},
  author={Gupta, Anupam and Singla, Sahil},
  year={2020}
}

@article{ting2015near,
  title={Near optimal algorithms for online maximum edge-weighted b-matching and two-sided vertex-weighted b-matching},
  author={Ting, Hing-Fung and Xiang, Xiangzhong},
  journal={Theoretical Computer Science},
  volume={607},
  pages={247--256},
  year={2015},
  publisher={Elsevier}
}

@inproceedings{karp1990optimal,
  title={An Optimal Algorithm for On-line Bipartite Matching},
  author={Karp, Richard M and Vazirani, Umesh V and Vazirani, Vijay V},
  booktitle={Proceedings of the twenty-second annual ACM symposium on Theory of computing},
  pages={352--358},
  year={1990}
}

@inproceedings{devanur2013randomized,
  title={Randomized Primal-Dual Analysis of RANKING for Online Bipartite Matching},
  author={Devanur, Nikhil R and Jain, Kamal and Kleinberg, Robert D},
  booktitle={Proceedings of the twenty-fourth annual ACM-SIAM symposium on Discrete algorithms},
  pages={101--107},
  year={2013},
  organization={SIAM}
}


@inproceedings{eden2021economics,
  title={An Economics-Based Analysis of RANKING for Online Bipartite Matching},
  author={Eden, Alon and Feldman, Michal and Fiat, Amos and Segal, Kineret},
  booktitle={Symposium on Simplicity in Algorithms (SOSA)},
  pages={107--110},
  year={2021},
  organization={SIAM}
}

@inproceedings{albers2021optimal,
  title={Optimal Algorithms for Online $b$-Matching with Variable Vertex Capacities},
  author={Albers, Susanne and Schubert, Sebastian},
  booktitle={Approximation, Randomization, and Combinatorial Optimization. Algorithms and Techniques (APPROX/RANDOM 2021)},
  year={2021},
}

@article{kalyanasundaram1993online,
  title={Online Weighted Matching},
  author={Kalyanasundaram, Bala and Pruhs, Kirk},
  journal={Journal of Algorithms},
  volume={14},
  number={3},
  pages={478--488},
  year={1993},
  publisher={Elsevier}
}

@article{kalyanasundaram2000optimal,
  title={An Optimal Deterministic Algorithm for Online $b$-Matching},
  author={Kalyanasundaram, Bala and Pruhs, Kirk R},
  journal={Theoretical Computer Science},
  volume={233},
  number={1-2},
  pages={319--325},
  year={2000},
  publisher={Elsevier}
}

@inproceedings{kalyanasundaram1995transportation,
  title={The Online Transportation Problem},
  author={Kalyanasundaram, Bala and Pruhs, Kirk R},
  booktitle={European Symposium on Algorithms},
  pages={484--493},
  year={1995},
  organization={Springer}
}

@book{schrijver2003combinatorial,
  title={Combinatorial Optimization: Polyhedra and Efficiency},
  author={Schrijver, Alexander},
  volume={24},
  year={2003},
  publisher={Springer}
}

@inproceedings{sharathkumar2012transportation,
  title={Algorithms for the Transportation Problem in Geometric Settings},
  author={Sharathkumar, R and Agarwal, Pankaj K},
  booktitle={Proceedings of the twenty-third annual ACM-SIAM Symposium on Discrete Algorithms},
  pages={306--317},
  year={2012},
  organization={SIAM}
}

@inproceedings{agarwal2014bipartite,
  title={Approximation algorithms for bipartite matching with metric and geometric costs},
  author={Agarwal, Pankaj K and Sharathkumar, R},
  booktitle={Proceedings of the forty-sixth annual ACM symposium on Theory of computing},
  pages={555--564},
  year={2014}
}

@article{gabow1989faster,
  title={Faster Scaling Algorithms for Network Problems},
  author={Gabow, Harold N and Tarjan, Robert E},
  journal={SIAM Journal on Computing},
  volume={18},
  number={5},
  pages={1013--1036},
  year={1989},
  publisher={SIAM}
}

@article{lahn2019graph,
  title={A Graph Theoretic Additive Approximation of Optimal Transport},
  author={Lahn, Nathaniel and Mulchandani, Deepika and Raghvendra, Sharath},
  journal={Advances in Neural Information Processing Systems},
  volume={32},
  year={2019}
}

@article{lahn2022push,
  title={A Push-Relabel Based Additive Approximation for Optimal Transport},
  author={Lahn, Nathaniel and Raghvendra, Sharath and Zhang, Kaiyi},
  journal={arXiv preprint arXiv:2203.03732},
  year={2022}
}

@article{alfaro2022assignment,
  title={The assignment problem revisited},
  author={Alfaro, Carlos A and Perez, Sergio L and Valencia, Carlos E and Vargas, Marcos C},
  journal={Optimization Letters},
  volume={16},
  number={5},
  pages={1531--1548},
  year={2022},
  publisher={Springer}
}

@article{goldberg1995scaling,
  title={An efficient cost scaling algorithm for the assignment problem},
  author={Goldberg, Andrew V and Kennedy, Robert},
  journal={Mathematical Programming},
  volume={71},
  number={2},
  pages={153--177},
  year={1995},
  publisher={Springer}
}

@article{khosla2021revisiting,
  title={Revisiting the auction algorithm for weighted bipartite perfect matchings},
  author={Khosla, Megha and Anand, Avishek},
  journal={arXiv preprint arXiv:2101.07155},
  year={2021}
}

@article{bertsekas1993reverse,
  title={Reverse auction and the solution of inequality constrained assignment problems},
  author={Bertsekas, Dimitri P and Castanon, David A and Tsaknakis, Haralampos},
  journal={SIAM Journal on Optimization},
  volume={3},
  number={2},
  pages={268--297},
  year={1993},
  publisher={SIAM}
}

@article{bertsekas1989auction,
  title={The auction algorithm for the transportation problem},
  author={Bertsekas, Dimitri P and Castanon, David A},
  journal={Annals of Operations Research},
  volume={20},
  number={1},
  pages={67--96},
  year={1989},
  publisher={Springer}
}